<record><leader>00000cas a22000007a 4500</leader><controlfield tag="001">25235262</controlfield><controlfield tag="008">920207d19871989nyuwr ne      0    0eng d</controlfield><datafield ind1=" " ind2=" " tag="010"><subfield code="a">sn 92061435 </subfield></datafield><datafield ind1=" " ind2=" " tag="040"><subfield code="a">NYS</subfield><subfield code="b">eng</subfield><subfield code="c">NYS</subfield><subfield code="d">OCLCQ</subfield></datafield><datafield ind1=" " ind2=" " tag="042"><subfield code="a">msc</subfield></datafield><datafield ind1="0" ind2=" " tag="130"><subfield code="a">Independent (Hillsdale, N.Y.)</subfield></datafield><datafield ind1="1" ind2="4" tag="245"><subfield code="a">The independent.</subfield></datafield><datafield ind1=" " ind2=" " tag="260"><subfield code="a">Hillsdale, N.Y. :</subfield><subfield code="b">Roe Jan Independent Pub.,</subfield><subfield code="c">1987-1989.</subfield></datafield><datafield ind1=" " ind2=" " tag="300"><subfield code="a">4 v. :</subfield><subfield code="b">ill.</subfield></datafield><datafield ind1=" " ind2=" " tag="310"><subfield code="a">Weekly</subfield></datafield><datafield ind1="0" ind2=" " tag="362"><subfield code="a">Vol. 14, no. 46 (Apr. 23, 1987)-v. 17, no. 8 (July 27, 1989).</subfield></datafield><datafield ind1=" " ind2=" " tag="500"><subfield code="a">Published every Thursday.</subfield></datafield><datafield ind1=" " ind2=" " tag="500"><subfield code="a">"Columbia County's Newspaper of Choice."</subfield></datafield><datafield ind1=" " ind2=" " tag="500"><subfield code="a">Published by: The Independent Pub., Inc., May 7, 1987-</subfield></datafield><datafield ind1=" " ind2="4" tag="651"><subfield code="a">Hillsdale (N.Y.)</subfield><subfield code="v">Newspapers.</subfield></datafield><datafield ind1=" " ind2=" " tag="752"><subfield code="a">United States</subfield><subfield code="b">New York</subfield><subfield code="c">Columbia</subfield><subfield code="d">Hillsdale.</subfield></datafield><datafield ind1="0" ind2="0" tag="780"><subfield code="t">Roe Jan independent</subfield><subfield code="x">0892-2470</subfield><subfield code="w">(DLC)sn 87000091</subfield><subfield code="w">(OCoLC)15131429</subfield></datafield><datafield ind1="0" ind2="0" tag="785"><subfield code="t">Twice weekly independent</subfield><subfield code="x">1047-3386</subfield><subfield code="w">(DLC)sn 89002315</subfield><subfield code="w">(OCoLC)20667105</subfield></datafield><datafield ind1="1" ind2=" " tag="029"><subfield code="a">AU@</subfield><subfield code="b">000025906056</subfield></datafield></record>